%
%
% Testing frameworks

@online{githubJest,
  title = {Delightful JavaScript Testing},
  author = {Jest},
  date = {2013-12-10},
  url = {https://github.com/jestjs/jest},
  urldate = {2024-01-25}
}
@online{githubMocha,
  title = {simple, flexible, fun javascript test framework for node.js \& the browser},
  author = {Mocha},
  date = {2011-03-07},
  url = {https://github.com/mochajs/mocha},
  urldate = {2024-01-25}
}
@online{githubJasmine,
  title = {Simple JavaScript testing framework for browsers and node.js},
  author = {Jasmine},
  date = {2008-12-03},
  url = {https://github.com/jasmine/jasmine},
  urldate = {2024-01-25}
}

%
%
% WebRTC Servers

@online{githubJanus,
  title = {Janus WebRTC Server},
  author = {{Janus Gateway}},
  date = {2024-01-25},
  url = {https://github.com/meetecho/janus-gateway},
  urldate = {2024-01-25}
}
@online{githubLiveKit,
  title = {End-to-end stack for WebRTC. SFU media server and SDKs.},
  author = {LiveKit},
  date = {2020-09-30},
  url = {https://github.com/livekit/livekit},
  urldate = {2024-01-25}
}
@online{githubMediasoup,
  title = {Cutting Edge WebRTC Video Conferencings},
  author = {Mediasoup},
  date = {2014-12-12},
  url = {https://github.com/versatica/mediasoup},
  urldate = {2024-01-25}
}

%
%
% Audio Frameworks

@online{githubHowler,
  title = {Javascript audio library for the modern web.},
  author = {{Howler.js}},
  date = {2013-01-28},
  url = {https://github.com/goldfire/howler.js},
  urldate = {2024-01-25}
}
@online{githubToneJs,
  title = {A Web Audio framework for making interactive music in the browser.},
  author = {{Tone.js}},
  date = {2014-03-11},
  url = {https://github.com/Tonejs/Tone.js},
  urldate = {2024-01-25}
}
@online{githubFlocking,
  title = {Flocking - Creative audio synthesis for the Web},
  author = {Flocking},
  date = {2011-03-27},
  url = {https://github.com/lichen-community-systems/Flocking},
  urldate = {2024-01-25}
}
@online{githubElementary,
  title = {Elementary is a JavaScript library for digital audio signal processing.},
  author = {Elementary},
  date = {2023-01-09},
  url = {https://github.com/elemaudio/elementary},
  urldate = {2024-01-25}
}

%
%
% 3D Frameworks

@online{githubAFrame,
  title = {Web framework for building virtual reality experiences.},
  author = {A-Frame},
  date = {2015-09-15},
  url = {https://github.com/aframevr/aframe},
  urldate = {2024-01-25}
}
@online{githubThreeJs,
  title = {JavaScript 3D Library.},
  author = {{three.js}},
  date = {2010-03-23},
  url = {https://github.com/mrdoob/three.js},
  urldate = {2024-01-25}
}
@online{githubBabylonJs,
  title = {Babylon.js is a powerful, beautiful, simple, and open game and rendering engine packed into a friendly JavaScript framework.},
  author = {{Babylon.js}},
  date = {2013-06-27},
  url = {https://github.com/BabylonJS/Babylon.js},
  urldate = {2024-01-25}
}

%
%
% WebSockets

@online{githubSocketIO,
  title = {Realtime application framework (Node.JS server)},
  author = {{Socket.IO}},
  date = {2010-03-11},
  url = {https://github.com/socketio/socket.io},
  urldate = {2024-01-25}
}
@online{githubUWebSockets,
  title = {Simple, secure \& standards compliant web server for the most demanding of applications},
  author = {ÂµWebSockets},
  date = {2016-03-21},
  url = {https://github.com/uNetworking/uWebSockets},
  urldate = {2024-01-25}
}
@online{githubWs,
  title = {Simple to use, blazing fast and thoroughly tested WebSocket client and server for Node.js},
  author = {ws},
  date = {2011-11-09},
  url = {https://github.com/websockets/ws},
  urldate = {2024-01-25}
}

%
%
% Databases

@online{githubPostgreSql,
  title = {Mirror of the official {PostgreSQL} GIT repository},
  author = {{PostgreSQL}},
  date = {2010-09-21},
  url = {https://github.com/postgres/postgres},
  urldate = {2024-01-25}
}
@online{githubMySql,
  title = {{MySQL} Server, the world's most popular open source database, and {MySQL} Cluster, a real-time, open source transactional database},
  author = {{MySQL Server}},
  date = {2014-09-26},
  url = {https://github.com/mysql/mysql-server},
  urldate = {2024-01-25}
}
@online{githubMongoDb,
  title = {The MongoDB Database},
  author = {{MongoDB}},
  date = {2009-01-15},
  url = {https://github.com/mongodb/mongo},
  urldate = {2024-01-25}
}

