% Spec

@online{webRtcSpec,
  title = {{WebRTC: Real-Time Communication in Browsers}},
  date = {2023-03-06},
  url = {https://www.w3.org/TR/webrtc/},
  urldate = {2023-04-03},
  langid = {english},
  organisation = {World Wide Web Consortium},
}

@online{webAudioSpec,
  title = {{Web Audio API}},
  date = {2021-06-17},
  url = {https://www.w3.org/TR/webaudio/},
  urldate = {2023-04-04},
  langid = {english},
  organisation = {World Wide Web Consortium},
}

@online{webXrSpec,
  title = {{WebXR Device API}},
  date = {2023-03-03},
  url = {https://www.w3.org/TR/webxr/},
  urldate = {2023-04-04},
  langid = {english},
  organisation = {World Wide Web Consortium},
}


% Standards

@online{pushingInteroperabilityForward,
  title = {{Interop 2023: Pushing interoperability forward}},
  author = {Davis, J. and Nguyen, T. and Simmons, J.},
  date = {2023-02-01},
  url = {https://webkit.org/blog/13706/interop-2023/},
  urldate = {2023-04-03},
  langid = {english},
  organisation = {WebKit},
}

@online{webRtcOfficialWebStandard,
  title = {{10 Years after Inception, WebRTC Becomes an Official Web Standard}},
  author = {Couriol, B.},
  date = {2021-04-07},
  url = {https://www.infoq.com/news/2021/04/webrtc-official-web-standard/},
  urldate = {2023-04-03},
  langid = {english},
  organisation = {InfoQ},
}


% Sonification

@article{surveyOfPresence,
  title = {{A Survey of Presence and Related Concepts}},
  journaltitle = {ACM Computing Surveys},
  volume = {50},
  issue = {6},
  pages = {1-39},
  number = {96},
  author = {Skarbez, Rick and Brooks Jr., Frederick P. and Whitton, Mary C.},
  date = {2017-11-14},
  doi = {10.1145/3134301}
}

@thesis{movementQualities,
  title = {Computational models of expressive gesture in multimedia systems},
  author = {Gualtiero Volpe},
  date = {2003-04-22},
  library = {EURASIP Library of Ph.D. Theses},
  url = {https://theses.eurasip.org/theses/157/computational-models-of-expressive-gesture-in/download/},
  urldate = {2023-04-04},
}


% Concepts

@online{progressiveWebApplications,
  title = {{Progressive Web Apps:
Escaping Tabs Without Losing Our Soul}},
  author = {Alex Russell and Frances Berriman},
  date = {2015-10-08},
  url = {https://medium.com/@slightlylate/progressive-apps-escaping-tabs-without-losing-our-soul-3b93a8561955},
  urldate = {2024-01-11},
}

@online{innerBrowsing,
  title = {Inner-Browsing: Extending Web Browsing the Navigation Paradigm},
  author = {Marcio Galli and Roger Soares and Ian Oeschger},
  date = {2003-05-16},
  url = {https://web.archive.org/web/20030810102320/http://devedge.netscape.com/viewsource/2003/inner-browsing/},
  urldate = {2024-01-11},
}

@online{ajaxNewApproach,
  title = {Ajax: A New Approach to Web Applications},
  author = {Jesse James Garrett},
  date = {2005-02-18},
  url = {https://web.archive.org/web/20150910072359/http://adaptivepath.org/ideas/ajax-new-approach-web-applications/},
  urldate = {2024-01-11},
}

@online{webSocketsProtocolRfc,
  title = {The WebSocket Protocol},
  author = {Ian Fette and Alexey Melnikov},
  date = {2011-11-01},
  url = {https://datatracker.ietf.org/doc/html/rfc6455},
  urldate = {2024-01-14},
}

@online{vueProgressiveFramework,
  title = {Introduction: The Progressive Framework},
  author = {Evan You},
  date = {2021-09-29},
  url = {https://vuejs.org/guide/introduction.html#the-progressive-framework},
  urldate = {2024-01-14},
}


% Surveys / Statistics

@online{mostPopularConferencingPlatforms,
  title = {{The Most Popular Video Call Conferencing Platforms Worldwide}},
  author = {Brandl, R.},
  date = {2023-01-04},
  url = {https://www.emailtooltester.com/en/blog/video-conferencing-market-share/},
  urldate = {2023-04-03},
  langid = {english},
  organisation = {Emailtooltester},
}

@online{mostUsedFrontendFrameworks22,
  title = {The State of JS: Most used frontend frameworks in 2022},
  author = {Sacha Greif and Eric Burel},
  date = {2023-01-11},
  url = {https://2022.stateofjs.com/en-US/libraries/front-end-frameworks/},
  urldate = {2024-01-11},
}

@online{mostUsedBackendFrameworks22,
  title = {The State of JS: Most used backend frameworks in 2022},
  author = {Sacha Greif and Eric Burel},
  date = {2023-01-11},
  url = {https://2022.stateofjs.com/en-US/other-tools/#backend_frameworks},
  urldate = {2024-01-11},
}

@online{stackOverflowPollWebFrameworks23,
  title = {2023 Stack Overflow Developer Survey: Web frameworks and technologies},
  author = {Stack Overflow},
  date = {2023-06-13},
  url = {https://survey.stackoverflow.co/2023/#section-most-popular-technologies-web-frameworks-and-technologies},
  urldate = {2024-01-13},
}

@online{stateOfTheOctoverse23,
  title = {Octoverse: The state of open source and rise of AI in 2023},
  author = {GitHub},
  date = {2023-11-08},
  url = {https://github.blog/2023-11-08-the-state-of-open-source-and-ai/},
  urldate = {2024-01-14},
}
