@online{webRtcSpec,
  title = {{WebRTC}: Real-Time Communication in Browsers},
  date = {2023-03-06},
  url = {https://www.w3.org/TR/webrtc/},
  urldate = {2023-04-03},
  langid = {english},
  organisation = {World Wide Web Consortium},
}

@online{webAudioSpec,
  title = {{Web Audio API}},
  date = {2021-06-17},
  url = {https://www.w3.org/TR/webaudio/},
  urldate = {2023-04-04},
  langid = {english},
  organisation = {World Wide Web Consortium},
}

@online{webXrSpec,
  title = {{WebXR Device API}},
  date = {2023-03-03},
  url = {https://www.w3.org/TR/webxr/},
  urldate = {2023-04-04},
  langid = {english},
  organisation = {World Wide Web Consortium},
}

@online{webSocketsProtocolRfc,
  title = {The {WebSocket} Protocol},
  author = {Ian Fette and Alexey Melnikov},
  date = {2011-11-01},
  url = {https://datatracker.ietf.org/doc/html/rfc6455},
  urldate = {2024-01-14},
}

@online{webSocketsExtensionCompression,
  title = {Compression Extensions for {WebSocket}},
  author = {Takeshi Yoshino},
  date = {2015-12-07},
  url = {https://datatracker.ietf.org/doc/html/rfc7692},
  urldate = {2024-01-25},
}

@online{webRtcOfficialWebStandard,
  title = {10 Years after Inception, {WebRTC} Becomes an Official Web Standard},
  author = {Couriol, B.},
  date = {2021-04-07},
  url = {https://www.infoq.com/news/2021/04/webrtc-official-web-standard/},
  urldate = {2023-04-03},
  langid = {english},
  organisation = {InfoQ},
}

@online{canIUseWebSockets,
  title = {Can I use: WebSockets},
  author = {Alexis Deveria},
  date = {2024-01-23},
  url = {https://caniuse.com/websockets},
  urldate = {2024-01-25}
}

@techreport{cohenEndianess,
  author = {Danny Cohen},
  title = {ON HOLY WARS AND A PLEA FOR PEACE},
  type = {IEN},
  number = 137,
  year = {1980},
  month = {April},
  publisher = {RFC Editor},
  institution = {RFC Editor},
  url = {https://www.rfc-editor.org/ien/ien137.txt}
}