% Surveys / Statistics

@online{mostPopularConferencingPlatforms,
  title = {{The Most Popular Video Call Conferencing Platforms Worldwide}},
  author = {Brandl, R.},
  date = {2023-01-04},
  url = {https://www.emailtooltester.com/en/blog/video-conferencing-market-share/},
  urldate = {2023-04-03},
  langid = {english},
  organisation = {Emailtooltester},
}

@online{stateOfJSSurvey,
  title = {The State of {JS}},
  author = {Sacha Greif and Eric Burel},
  date = {2023-01-11},
  url = {https://stateofjs.com},
  urldate = {2024-01-11},
}

@online{mostUsedFrontendFrameworks22,
  title = {The State of {JS}: Most used frontend frameworks in 2022},
  author = {Sacha Greif and Eric Burel},
  date = {2023-01-11},
  url = {https://2022.stateofjs.com/en-US/libraries/front-end-frameworks/},
  urldate = {2024-01-11},
}

@online{mostUsedBackendFrameworks22,
  title = {The State of {JS}: Most used backend frameworks in 2022},
  author = {Sacha Greif and Eric Burel},
  date = {2023-01-11},
  url = {https://2022.stateofjs.com/en-US/other-tools/#backend_frameworks},
  urldate = {2024-01-11},
}

@online{mostUsedBackendFrameworks21,
  title = {The State of {JS}: Most used backend frameworks in 2021},
  author = {Sacha Greif and Eric Burel},
  date = {2022-02-16},
  url = {https://2021.stateofjs.com/en-US/libraries/back-end-frameworks/},
  urldate = {2024-01-17},
}

@online{stackOverflowPoll,
  title = {{Stack Overflow} Developer Survey},
  author = {{Stack Overflow}},
  date = {2023-06-13},
  url = {https://survey.stackoverflow.co},
  urldate = {2024-01-13},
}

@online{stackOverflowPollWebFrameworks23,
  title = {2023 {Stack Overflow} Developer Survey: Web frameworks and technologies},
  author = {{Stack Overflow}},
  date = {2023-06-13},
  url = {https://survey.stackoverflow.co/2023/#section-most-popular-technologies-web-frameworks-and-technologies},
  urldate = {2024-01-13},
}

@online{stackOverflowPollDatabases23,
  title = {2023 {Stack Overflow} Developer Survey: Databases},
  author = {{Stack Overflow}},
  date = {2023-06-13},
  url = {https://survey.stackoverflow.co/2023/#section-most-popular-technologies-databases},
  urldate = {2024-01-25},
}

@online{stateOfTheOctoverse23,
  title = {Octoverse: The state of open source and rise of {AI} in 2023},
  author = {Kyle Daigle and GitHub},
  date = {2023-11-08},
  url = {https://github.blog/2023-11-08-the-state-of-open-source-and-ai/},
  urldate = {2024-01-14},
}
